@PREAMBLE{
 "\providecommand{\noopsort}[1]{}" 
 # "\providecommand{\singleletter}[1]{#1}%" 
}

@book{secret_sentry, place={New York}, title={The Secret Sentry: The Untold History of the National Security Agency}, publisher={Bloomsbury}, author={Aid, Matthew M.}, year={2010}} 

@misc{Howe, title={The early history of NSA}, url={https://www.nsa.gov/portals/75/documents/news-features/declassified-documents/cryptologic-spectrum/early_history_nsa.pdf}, journal={nsa.gov}, author={Howe, George}, howpublished = "\url{https://www.nsa.gov/portals/75/documents/news-features/declassified-documents/cryptologic-spectrum/early_history_nsa.pdf}"} 

@misc{enigma, title={Enigma machine}, url={https://brilliant.org/wiki/enigma-machine/}, journal={Brilliant Math & Science Wiki}, publisher={Brilliant}, author={Moore, Karleigh and W, Ethan and Dean, Ejun and Williams, Christopher}, howpublished = "Brilliant Inc. "} 

@misc{Hatch, title={DOCID: 3860874 (U) NSA: An Introductory Survey}, url={https://www.nsa.gov/portals/75/documents/news-features/declassified-documents/cryptologic-quarterly/dde_nsa.pdf}, journal={nsa.gov}, author={Hatch, David A}, howpublished ="\url{https://www.nsa.gov/portals/75/documents/news-features/declassified-documents/cryptologic-quarterly/dde_nsa.pdf}"} 

@misc{cuban_missile, title={NSA and the Cuban Missile Crisis}, url={https://www.nsa.gov/portals/75/documents/about/cryptologic-heritage/historical-figures-publications/publications/coldwar/cuban_missile_crisis.pdf}, journal={nsa.gov}, author={Johnson, Thomas R and Hatch, David A}, howpublished = "\url{https://www.nsa.gov/portals/75/documents/about/cryptologic-heritage/historical-figures-publications/publications/coldwar/cuban_missile_crisis.pdf}"} 

@misc{cuban_chronology, title={The Cuban Missile Crisis, 1962: The 40th Anniversary}, url={https://nsarchive2.gwu.edu/nsa/cuba_mis_cri/chron.htm}, journal={The Cuban Missile Crisis, 1962: Chronologies of the crisis}, publisher={George Washington University}, author={Evans, Michael}, editor={Chang, Laurence and Kornblush, PeterEditors}, year={2002}} 

@misc{truth_about_tonkin, title={The Truth about Tonkin}, url={https://www.usni.org/magazines/naval-history-magazine/2008/february/truth-about-tonkin}, journal={U.S. Naval Institute}, author={Paterson, Pat}, year={2023}, month={Sep}, howpublished = "\url{https://www.usni.org/magazines/naval-history-magazine/2008/february/truth-about-tonkin}"} 

@book{signal_corp, place={Honolulu}, title={Getting the message through: A branch history of the U.S. Army Signal Corps}, publisher={University Press of the Pacific}, author={Raines, Rebecca Robbins}, year={2005}} 

@book{Select_Committee_on_Intelligence_2002, place={Washington, D.C.}, chapter={2nd}, title={Joint Inquiry into Intelligence Community Activities before and after the terrorist attacks of September 11, 2001: Report of the U.S. Senate Select Committee on Intelligence and U.S. House Permanent Select Committee on Intelligence, together with additional views}, publisher={U.S.G.P.O.}, author={Select Committee on Intelligence.}, year={2002}} 

@misc{justicedept, title={The Foreign Intelligence Surveillance Act of 1978 (Fisa)}, url={https://bja.ojp.gov/program/it/privacy-civil-liberties/authorities/statutes/1286#3-0}, journal={Bureau of Justice Assistance}, author={Justice Information Sharing}} 

@misc{Richelson_2003, title={Iraq and Weapons of Mass Destruction: National Security Archive Electronic Briefing Book No. 80}, url={https://nsarchive2.gwu.edu/NSAEBB/NSAEBB80/}, journal={Iraq and weapons of mass destruction}, year={2003}, month={Feb}} 

@misc{Greenwald_MacAskill_2013, title={Boundless informant: The NSA’s secret tool to track global surveillance data}, url={https://www.theguardian.com/world/2013/jun/08/nsa-boundless-informant-global-datamining}, journal={The Guardian}, publisher={Guardian News and Media}, author={Greenwald, Glenn and MacAskill, Ewen}, year={2013}, month={Jun}} 

@misc{MacAskill_2023, title={The Snowden revelations reconsidered}, url={https://www.theatlantic.com/ideas/archive/2023/06/edward-snowden-nsa-mass-surveillance/674315/}, journal={The Atlantic}, publisher={Atlantic Media Company}, author={MacAskill, Ewen}, year={2023}, month={Jun}} 

@misc{Donnelly_Chakrabarti_2023, title={How the snowden leaks changed government surveillance}, url={https://www.wbur.org/onpoint/2023/07/05/how-the-snowden-leaks-changed-government-surveillance}, journal={On Point}, publisher={WBUR}, author={Donnelly, Claire and Chakrabarti, Meghna}, year={2023}, month={Jul}} 

@misc{cyberattack, title={Snowden: US started rash of cyberattacks}, url={https://thehill.com/policy/cybersecurity/228916-snowden-us-started-spate-of-cyberattacks/}, journal={The Hill}, publisher={The Hill}, author={Hattem, Julian}, year={2015}, month={Jan}} 

@misc{snowden10, title={10 years after Snowden: Some things are better, some we’re still fighting for}, url={https://www.eff.org/deeplinks/2023/05/10-years-after-snowden-some-things-are-better-some-were-still-fighting}, journal={Electronic Frontier Foundation}, publisher={Electronic Frontier Foundation}, author={Guariglia, Matthew and Cohn, Cindy and Crocker, Andrew}, year={2023}, month={May}} 